%YAML 1.1
%TAG !u! tag:unity3d.com,2011:
--- !u!29 &1
OcclusionCullingSettings:
  m_ObjectHideFlags: 0
  serializedVersion: 2
  m_OcclusionBakeSettings:
    smallestOccluder: 5
    smallestHole: 0.25
    backfaceThreshold: 100
  m_SceneGUID: 00000000000000000000000000000000
  m_OcclusionCullingData: {fileID: 0}
--- !u!104 &2
RenderSettings:
  m_ObjectHideFlags: 0
  serializedVersion: 9
  m_Fog: 0
  m_FogColor: {r: 0.5, g: 0.5, b: 0.5, a: 1}
  m_FogMode: 3
  m_FogDensity: 0.01
  m_LinearFogStart: 0
  m_LinearFogEnd: 300
  m_AmbientSkyColor: {r: 0.212, g: 0.227, b: 0.259, a: 1}
  m_AmbientEquatorColor: {r: 0.114, g: 0.125, b: 0.133, a: 1}
  m_AmbientGroundColor: {r: 0.047, g: 0.043, b: 0.035, a: 1}
  m_AmbientIntensity: 1
  m_AmbientMode: 0
  m_SubtractiveShadowColor: {r: 0.42, g: 0.478, b: 0.627, a: 1}
  m_SkyboxMaterial: {fileID: 10304, guid: 0000000000000000f000000000000000, type: 0}
  m_HaloStrength: 0.5
  m_FlareStrength: 1
  m_FlareFadeSpeed: 3
  m_HaloTexture: {fileID: 0}
  m_SpotCookie: {fileID: 10001, guid: 0000000000000000e000000000000000, type: 0}
  m_DefaultReflectionMode: 0
  m_DefaultReflectionResolution: 128
  m_ReflectionBounces: 1
  m_ReflectionIntensity: 1
  m_CustomReflection: {fileID: 0}
  m_Sun: {fileID: 0}
  m_IndirectSpecularColor: {r: 0.43702886, g: 0.48472303, b: 0.56498444, a: 1}
  m_UseRadianceAmbientProbe: 0
--- !u!157 &3
LightmapSettings:
  m_ObjectHideFlags: 0
  serializedVersion: 12
  m_GIWorkflowMode: 1
  m_GISettings:
    serializedVersion: 2
    m_BounceScale: 1
    m_IndirectOutputScale: 1
    m_AlbedoBoost: 1
    m_EnvironmentLightingMode: 0
    m_EnableBakedLightmaps: 1
    m_EnableRealtimeLightmaps: 0
  m_LightmapEditorSettings:
    serializedVersion: 12
    m_Resolution: 2
    m_BakeResolution: 40
    m_AtlasSize: 1024
    m_AO: 0
    m_AOMaxDistance: 1
    m_CompAOExponent: 1
    m_CompAOExponentDirect: 0
    m_ExtractAmbientOcclusion: 0
    m_Padding: 2
    m_LightmapParameters: {fileID: 0}
    m_LightmapsBakeMode: 1
    m_TextureCompression: 1
    m_FinalGather: 0
    m_FinalGatherFiltering: 1
    m_FinalGatherRayCount: 256
    m_ReflectionCompression: 2
    m_MixedBakeMode: 2
    m_BakeBackend: 1
    m_PVRSampling: 1
    m_PVRDirectSampleCount: 32
    m_PVRSampleCount: 512
    m_PVRBounces: 2
    m_PVREnvironmentSampleCount: 256
    m_PVREnvironmentReferencePointCount: 2048
    m_PVRFilteringMode: 1
    m_PVRDenoiserTypeDirect: 1
    m_PVRDenoiserTypeIndirect: 1
    m_PVRDenoiserTypeAO: 1
    m_PVRFilterTypeDirect: 0
    m_PVRFilterTypeIndirect: 0
    m_PVRFilterTypeAO: 0
    m_PVREnvironmentMIS: 1
    m_PVRCulling: 1
    m_PVRFilteringGaussRadiusDirect: 1
    m_PVRFilteringGaussRadiusIndirect: 5
    m_PVRFilteringGaussRadiusAO: 2
    m_PVRFilteringAtrousPositionSigmaDirect: 0.5
    m_PVRFilteringAtrousPositionSigmaIndirect: 2
    m_PVRFilteringAtrousPositionSigmaAO: 1
    m_ExportTrainingData: 0
    m_TrainingDataDestination: TrainingData
    m_LightProbeSampleCountMultiplier: 4
  m_LightingDataAsset: {fileID: 0}
  m_LightingSettings: {fileID: 0}
--- !u!196 &4
NavMeshSettings:
  serializedVersion: 2
  m_ObjectHideFlags: 0
  m_BuildSettings:
    serializedVersion: 2
    agentTypeID: 0
    agentRadius: 0.5
    agentHeight: 2
    agentSlope: 45
    agentClimb: 0.4
    ledgeDropHeight: 0
    maxJumpAcrossDistance: 0
    minRegionArea: 2
    manualCellSize: 0
    cellSize: 0.16666667
    manualTileSize: 0
    tileSize: 256
    accuratePlacement: 0
    maxJobWorkers: 0
    preserveTilesOutsideBounds: 0
    debug:
      m_Flags: 0
  m_NavMeshData: {fileID: 0}
--- !u!1001 &55006846
PrefabInstance:
  m_ObjectHideFlags: 0
  serializedVersion: 2
  m_Modification:
    m_TransformParent: {fileID: 751135867}
    m_Modifications:
    - target: {fileID: 678616478, guid: 271038d0f2750ab4d827621fd92b5a90, type: 3}
      propertyPath: mysteryObject
      value: 
      objectReference: {fileID: 1953372137}
    - target: {fileID: 2598682778209775847, guid: 271038d0f2750ab4d827621fd92b5a90, type: 3}
      propertyPath: m_RootOrder
      value: 1
      objectReference: {fileID: 0}
    - target: {fileID: 2598682778209775847, guid: 271038d0f2750ab4d827621fd92b5a90, type: 3}
      propertyPath: m_LocalPosition.x
      value: 6.2660885
      objectReference: {fileID: 0}
    - target: {fileID: 2598682778209775847, guid: 271038d0f2750ab4d827621fd92b5a90, type: 3}
      propertyPath: m_LocalPosition.y
      value: -3.96
      objectReference: {fileID: 0}
    - target: {fileID: 2598682778209775847, guid: 271038d0f2750ab4d827621fd92b5a90, type: 3}
      propertyPath: m_LocalPosition.z
      value: 3.670786
      objectReference: {fileID: 0}
    - target: {fileID: 2598682778209775847, guid: 271038d0f2750ab4d827621fd92b5a90, type: 3}
      propertyPath: m_LocalRotation.w
      value: 1
      objectReference: {fileID: 0}
    - target: {fileID: 2598682778209775847, guid: 271038d0f2750ab4d827621fd92b5a90, type: 3}
      propertyPath: m_LocalRotation.x
      value: -0
      objectReference: {fileID: 0}
    - target: {fileID: 2598682778209775847, guid: 271038d0f2750ab4d827621fd92b5a90, type: 3}
      propertyPath: m_LocalRotation.y
      value: -0
      objectReference: {fileID: 0}
    - target: {fileID: 2598682778209775847, guid: 271038d0f2750ab4d827621fd92b5a90, type: 3}
      propertyPath: m_LocalRotation.z
      value: -0
      objectReference: {fileID: 0}
    - target: {fileID: 2598682778209775847, guid: 271038d0f2750ab4d827621fd92b5a90, type: 3}
      propertyPath: m_LocalEulerAnglesHint.x
      value: 0
      objectReference: {fileID: 0}
    - target: {fileID: 2598682778209775847, guid: 271038d0f2750ab4d827621fd92b5a90, type: 3}
      propertyPath: m_LocalEulerAnglesHint.y
      value: 0
      objectReference: {fileID: 0}
    - target: {fileID: 2598682778209775847, guid: 271038d0f2750ab4d827621fd92b5a90, type: 3}
      propertyPath: m_LocalEulerAnglesHint.z
      value: 0
      objectReference: {fileID: 0}
    - target: {fileID: 3399593828016727820, guid: 271038d0f2750ab4d827621fd92b5a90, type: 3}
      propertyPath: m_Name
      value: restaurant_kitchen_set_-_part_1
      objectReference: {fileID: 0}
    m_RemovedComponents: []
  m_SourcePrefab: {fileID: 100100000, guid: 271038d0f2750ab4d827621fd92b5a90, type: 3}
--- !u!1001 &113672703
PrefabInstance:
  m_ObjectHideFlags: 0
  serializedVersion: 2
  m_Modification:
    m_TransformParent: {fileID: 0}
    m_Modifications:
    - target: {fileID: 2474912372559093634, guid: 9d90060f5ad7248438e8f018e2896d3d, type: 3}
      propertyPath: m_LocalPosition.x
      value: -189.2
      objectReference: {fileID: 0}
    - target: {fileID: 2474912372559093634, guid: 9d90060f5ad7248438e8f018e2896d3d, type: 3}
      propertyPath: m_LocalPosition.y
      value: 560.6
      objectReference: {fileID: 0}
    - target: {fileID: 2474912372559093634, guid: 9d90060f5ad7248438e8f018e2896d3d, type: 3}
      propertyPath: m_LocalPosition.z
      value: 92.9
      objectReference: {fileID: 0}
    - target: {fileID: 2727883220281936204, guid: 9d90060f5ad7248438e8f018e2896d3d, type: 3}
      propertyPath: m_RootOrder
      value: 3
      objectReference: {fileID: 0}
    - target: {fileID: 2727883220281936204, guid: 9d90060f5ad7248438e8f018e2896d3d, type: 3}
      propertyPath: m_LocalPosition.x
      value: 0.716
      objectReference: {fileID: 0}
    - target: {fileID: 2727883220281936204, guid: 9d90060f5ad7248438e8f018e2896d3d, type: 3}
      propertyPath: m_LocalPosition.y
      value: 2.2742
      objectReference: {fileID: 0}
    - target: {fileID: 2727883220281936204, guid: 9d90060f5ad7248438e8f018e2896d3d, type: 3}
      propertyPath: m_LocalPosition.z
      value: -3.8820515
      objectReference: {fileID: 0}
    - target: {fileID: 2727883220281936204, guid: 9d90060f5ad7248438e8f018e2896d3d, type: 3}
      propertyPath: m_LocalRotation.w
      value: 1
      objectReference: {fileID: 0}
    - target: {fileID: 2727883220281936204, guid: 9d90060f5ad7248438e8f018e2896d3d, type: 3}
      propertyPath: m_LocalRotation.x
      value: 0
      objectReference: {fileID: 0}
    - target: {fileID: 2727883220281936204, guid: 9d90060f5ad7248438e8f018e2896d3d, type: 3}
      propertyPath: m_LocalRotation.y
      value: 0
      objectReference: {fileID: 0}
    - target: {fileID: 2727883220281936204, guid: 9d90060f5ad7248438e8f018e2896d3d, type: 3}
      propertyPath: m_LocalRotation.z
      value: 0
      objectReference: {fileID: 0}
    - target: {fileID: 2727883220281936204, guid: 9d90060f5ad7248438e8f018e2896d3d, type: 3}
      propertyPath: m_LocalEulerAnglesHint.x
      value: 0
      objectReference: {fileID: 0}
    - target: {fileID: 2727883220281936204, guid: 9d90060f5ad7248438e8f018e2896d3d, type: 3}
      propertyPath: m_LocalEulerAnglesHint.y
      value: 0
      objectReference: {fileID: 0}
    - target: {fileID: 2727883220281936204, guid: 9d90060f5ad7248438e8f018e2896d3d, type: 3}
      propertyPath: m_LocalEulerAnglesHint.z
      value: 0
      objectReference: {fileID: 0}
    - target: {fileID: 3355379606148813814, guid: 9d90060f5ad7248438e8f018e2896d3d, type: 3}
      propertyPath: m_Name
      value: shelfWithLocker
      objectReference: {fileID: 0}
    m_RemovedComponents: []
  m_SourcePrefab: {fileID: 100100000, guid: 9d90060f5ad7248438e8f018e2896d3d, type: 3}
--- !u!1 &167543681
GameObject:
  m_ObjectHideFlags: 0
  m_CorrespondingSourceObject: {fileID: 0}
  m_PrefabInstance: {fileID: 0}
  m_PrefabAsset: {fileID: 0}
  serializedVersion: 6
  m_Component:
  - component: {fileID: 167543684}
  - component: {fileID: 167543683}
  - component: {fileID: 167543682}
  m_Layer: 0
  m_Name: Area Light
  m_TagString: Untagged
  m_Icon: {fileID: 0}
  m_NavMeshLayer: 0
  m_StaticEditorFlags: 0
  m_IsActive: 1
--- !u!114 &167543682
MonoBehaviour:
  m_ObjectHideFlags: 0
  m_CorrespondingSourceObject: {fileID: 0}
  m_PrefabInstance: {fileID: 0}
  m_PrefabAsset: {fileID: 0}
  m_GameObject: {fileID: 167543681}
  m_Enabled: 1
  m_EditorHideFlags: 0
  m_Script: {fileID: 11500000, guid: 474bcb49853aa07438625e644c072ee6, type: 3}
  m_Name: 
  m_EditorClassIdentifier: 
  m_Version: 1
  m_UsePipelineSettings: 1
  m_AdditionalLightsShadowResolutionTier: 2
  m_LightLayerMask: 1
  m_CustomShadowLayers: 0
  m_ShadowLayerMask: 1
  m_LightCookieSize: {x: 1, y: 1}
  m_LightCookieOffset: {x: 0, y: 0}
--- !u!108 &167543683
Light:
  m_ObjectHideFlags: 0
  m_CorrespondingSourceObject: {fileID: 0}
  m_PrefabInstance: {fileID: 0}
  m_PrefabAsset: {fileID: 0}
  m_GameObject: {fileID: 167543681}
  m_Enabled: 1
  serializedVersion: 10
  m_Type: 3
  m_Shape: 0
  m_Color: {r: 1, g: 1, b: 1, a: 1}
  m_Intensity: 1
  m_Range: 100
  m_SpotAngle: 30
  m_InnerSpotAngle: 21.80208
  m_CookieSize: 10
  m_Shadows:
    m_Type: 2
    m_Resolution: -1
    m_CustomResolution: -1
    m_Strength: 1
    m_Bias: 0.05
    m_NormalBias: 0.4
    m_NearPlane: 0.2
    m_CullingMatrixOverride:
      e00: 1
      e01: 0
      e02: 0
      e03: 0
      e10: 0
      e11: 1
      e12: 0
      e13: 0
      e20: 0
      e21: 0
      e22: 1
      e23: 0
      e30: 0
      e31: 0
      e32: 0
      e33: 1
    m_UseCullingMatrixOverride: 0
  m_Cookie: {fileID: 0}
  m_DrawHalo: 0
  m_Flare: {fileID: 0}
  m_RenderMode: 0
  m_CullingMask:
    serializedVersion: 2
    m_Bits: 4294967295
  m_RenderingLayerMask: 1
  m_Lightmapping: 2
  m_LightShadowCasterMode: 0
  m_AreaSize: {x: 1, y: 1}
  m_BounceIntensity: 1
  m_ColorTemperature: 6570
  m_UseColorTemperature: 0
  m_BoundingSphereOverride: {x: 0, y: 0, z: 0, w: 0}
  m_UseBoundingSphereOverride: 0
  m_UseViewFrustumForShadowCasterCull: 1
  m_ShadowRadius: 0
  m_ShadowAngle: 0
--- !u!4 &167543684
Transform:
  m_ObjectHideFlags: 0
  m_CorrespondingSourceObject: {fileID: 0}
  m_PrefabInstance: {fileID: 0}
  m_PrefabAsset: {fileID: 0}
  m_GameObject: {fileID: 167543681}
  m_LocalRotation: {x: 0.7071068, y: 0, z: 0, w: 0.7071068}
  m_LocalPosition: {x: 1.207511, y: 2.544, z: -2.655}
  m_LocalScale: {x: -2.841685, y: 41.322643, z: 25.003956}
  m_ConstrainProportionsScale: 0
  m_Children: []
  m_Father: {fileID: 0}
  m_RootOrder: 13
  m_LocalEulerAnglesHint: {x: 90, y: 0, z: 0}
--- !u!1001 &197883216
PrefabInstance:
  m_ObjectHideFlags: 0
  serializedVersion: 2
  m_Modification:
    m_TransformParent: {fileID: 751135867}
    m_Modifications:
    - target: {fileID: 7010919816257758880, guid: 9b1e84248b3f08b4ba616e3e151d55a1, type: 3}
      propertyPath: m_RootOrder
      value: 2
      objectReference: {fileID: 0}
    - target: {fileID: 7010919816257758880, guid: 9b1e84248b3f08b4ba616e3e151d55a1, type: 3}
      propertyPath: m_LocalPosition.x
      value: 4.3360887
      objectReference: {fileID: 0}
    - target: {fileID: 7010919816257758880, guid: 9b1e84248b3f08b4ba616e3e151d55a1, type: 3}
      propertyPath: m_LocalPosition.y
      value: -4.389965
      objectReference: {fileID: 0}
    - target: {fileID: 7010919816257758880, guid: 9b1e84248b3f08b4ba616e3e151d55a1, type: 3}
      propertyPath: m_LocalPosition.z
      value: 2.9707859
      objectReference: {fileID: 0}
    - target: {fileID: 7010919816257758880, guid: 9b1e84248b3f08b4ba616e3e151d55a1, type: 3}
      propertyPath: m_LocalRotation.w
      value: 0
      objectReference: {fileID: 0}
    - target: {fileID: 7010919816257758880, guid: 9b1e84248b3f08b4ba616e3e151d55a1, type: 3}
      propertyPath: m_LocalRotation.x
      value: -0
      objectReference: {fileID: 0}
    - target: {fileID: 7010919816257758880, guid: 9b1e84248b3f08b4ba616e3e151d55a1, type: 3}
      propertyPath: m_LocalRotation.y
      value: 1
      objectReference: {fileID: 0}
    - target: {fileID: 7010919816257758880, guid: 9b1e84248b3f08b4ba616e3e151d55a1, type: 3}
      propertyPath: m_LocalRotation.z
      value: -0
      objectReference: {fileID: 0}
    - target: {fileID: 7010919816257758880, guid: 9b1e84248b3f08b4ba616e3e151d55a1, type: 3}
      propertyPath: m_LocalEulerAnglesHint.x
      value: 0
      objectReference: {fileID: 0}
    - target: {fileID: 7010919816257758880, guid: 9b1e84248b3f08b4ba616e3e151d55a1, type: 3}
      propertyPath: m_LocalEulerAnglesHint.y
      value: 180
      objectReference: {fileID: 0}
    - target: {fileID: 7010919816257758880, guid: 9b1e84248b3f08b4ba616e3e151d55a1, type: 3}
      propertyPath: m_LocalEulerAnglesHint.z
      value: 0
      objectReference: {fileID: 0}
    - target: {fileID: 7100863416359644043, guid: 9b1e84248b3f08b4ba616e3e151d55a1, type: 3}
      propertyPath: m_Name
      value: KitchenFurnitures
      objectReference: {fileID: 0}
    m_RemovedComponents: []
  m_SourcePrefab: {fileID: 100100000, guid: 9b1e84248b3f08b4ba616e3e151d55a1, type: 3}
--- !u!4 &197883217 stripped
Transform:
  m_CorrespondingSourceObject: {fileID: 7010919816257758880, guid: 9b1e84248b3f08b4ba616e3e151d55a1, type: 3}
  m_PrefabInstance: {fileID: 197883216}
  m_PrefabAsset: {fileID: 0}
--- !u!1 &204232271 stripped
GameObject:
  m_CorrespondingSourceObject: {fileID: 1023546873725897183, guid: ff3e7a5a92755814c9437ba21db78ced, type: 3}
  m_PrefabInstance: {fileID: 840699237}
  m_PrefabAsset: {fileID: 0}
--- !u!1 &379903377
GameObject:
  m_ObjectHideFlags: 0
  m_CorrespondingSourceObject: {fileID: 0}
  m_PrefabInstance: {fileID: 0}
  m_PrefabAsset: {fileID: 0}
  serializedVersion: 6
  m_Component:
  - component: {fileID: 379903379}
  - component: {fileID: 379903378}
  - component: {fileID: 379903380}
  m_Layer: 0
  m_Name: Directional Light
  m_TagString: Untagged
  m_Icon: {fileID: 0}
  m_NavMeshLayer: 0
  m_StaticEditorFlags: 0
  m_IsActive: 0
--- !u!108 &379903378
Light:
  m_ObjectHideFlags: 0
  m_CorrespondingSourceObject: {fileID: 0}
  m_PrefabInstance: {fileID: 0}
  m_PrefabAsset: {fileID: 0}
  m_GameObject: {fileID: 379903377}
  m_Enabled: 1
  serializedVersion: 10
  m_Type: 1
  m_Shape: 0
  m_Color: {r: 1, g: 0.95686275, b: 0.8392157, a: 1}
  m_Intensity: 1
  m_Range: 10
  m_SpotAngle: 30
  m_InnerSpotAngle: 21.80208
  m_CookieSize: 10
  m_Shadows:
    m_Type: 2
    m_Resolution: -1
    m_CustomResolution: -1
    m_Strength: 1
    m_Bias: 0.05
    m_NormalBias: 0.4
    m_NearPlane: 0.2
    m_CullingMatrixOverride:
      e00: 1
      e01: 0
      e02: 0
      e03: 0
      e10: 0
      e11: 1
      e12: 0
      e13: 0
      e20: 0
      e21: 0
      e22: 1
      e23: 0
      e30: 0
      e31: 0
      e32: 0
      e33: 1
    m_UseCullingMatrixOverride: 0
  m_Cookie: {fileID: 0}
  m_DrawHalo: 0
  m_Flare: {fileID: 0}
  m_RenderMode: 0
  m_CullingMask:
    serializedVersion: 2
    m_Bits: 4294967295
  m_RenderingLayerMask: 1
  m_Lightmapping: 4
  m_LightShadowCasterMode: 0
  m_AreaSize: {x: 1, y: 1}
  m_BounceIntensity: 1
  m_ColorTemperature: 6570
  m_UseColorTemperature: 0
  m_BoundingSphereOverride: {x: 0, y: 0, z: 0, w: 0}
  m_UseBoundingSphereOverride: 0
  m_UseViewFrustumForShadowCasterCull: 1
  m_ShadowRadius: 0
  m_ShadowAngle: 0
--- !u!4 &379903379
Transform:
  m_ObjectHideFlags: 0
  m_CorrespondingSourceObject: {fileID: 0}
  m_PrefabInstance: {fileID: 0}
  m_PrefabAsset: {fileID: 0}
  m_GameObject: {fileID: 379903377}
  m_LocalRotation: {x: 0.3628247, y: -0.23986626, z: 0.097218595, w: 0.8951933}
  m_LocalPosition: {x: -306, y: -92.3, z: -63.2}
  m_LocalScale: {x: 1, y: 1, z: 1}
  m_ConstrainProportionsScale: 0
  m_Children: []
  m_Father: {fileID: 0}
  m_RootOrder: 0
  m_LocalEulerAnglesHint: {x: 44.126, y: -30, z: 0}
--- !u!114 &379903380
MonoBehaviour:
  m_ObjectHideFlags: 0
  m_CorrespondingSourceObject: {fileID: 0}
  m_PrefabInstance: {fileID: 0}
  m_PrefabAsset: {fileID: 0}
  m_GameObject: {fileID: 379903377}
  m_Enabled: 1
  m_EditorHideFlags: 0
  m_Script: {fileID: 11500000, guid: 474bcb49853aa07438625e644c072ee6, type: 3}
  m_Name: 
  m_EditorClassIdentifier: 
  m_Version: 1
  m_UsePipelineSettings: 1
  m_AdditionalLightsShadowResolutionTier: 2
  m_LightLayerMask: 1
  m_CustomShadowLayers: 0
  m_ShadowLayerMask: 1
  m_LightCookieSize: {x: 1, y: 1}
  m_LightCookieOffset: {x: 0, y: 0}
--- !u!1 &386835963 stripped
GameObject:
  m_CorrespondingSourceObject: {fileID: 1023546873725897183, guid: ff3e7a5a92755814c9437ba21db78ced, type: 3}
  m_PrefabInstance: {fileID: 1465917102}
  m_PrefabAsset: {fileID: 0}
--- !u!1001 &415292737
PrefabInstance:
  m_ObjectHideFlags: 0
  serializedVersion: 2
  m_Modification:
    m_TransformParent: {fileID: 0}
    m_Modifications:
    - target: {fileID: 1772475707, guid: 63456095daf060f41b11fb96ddd6715e, type: 3}
      propertyPath: chat
      value: 
      objectReference: {fileID: 386835963}
    - target: {fileID: 1772475707, guid: 63456095daf060f41b11fb96ddd6715e, type: 3}
      propertyPath: hint
      value: 
      objectReference: {fileID: 204232271}
    - target: {fileID: 1772475707, guid: 63456095daf060f41b11fb96ddd6715e, type: 3}
      propertyPath: remi
      value: 
      objectReference: {fileID: 1200521905}
    - target: {fileID: 5107075868251555496, guid: 63456095daf060f41b11fb96ddd6715e, type: 3}
      propertyPath: m_Name
      value: XR Camera and Controllers Final with the grab
      objectReference: {fileID: 0}
    - target: {fileID: 5107075868251555497, guid: 63456095daf060f41b11fb96ddd6715e, type: 3}
      propertyPath: m_RootOrder
      value: 14
      objectReference: {fileID: 0}
    - target: {fileID: 5107075868251555497, guid: 63456095daf060f41b11fb96ddd6715e, type: 3}
      propertyPath: m_LocalPosition.x
      value: -6.38
      objectReference: {fileID: 0}
    - target: {fileID: 5107075868251555497, guid: 63456095daf060f41b11fb96ddd6715e, type: 3}
      propertyPath: m_LocalPosition.y
      value: -0.48
      objectReference: {fileID: 0}
    - target: {fileID: 5107075868251555497, guid: 63456095daf060f41b11fb96ddd6715e, type: 3}
      propertyPath: m_LocalPosition.z
      value: 3.43
      objectReference: {fileID: 0}
    - target: {fileID: 5107075868251555497, guid: 63456095daf060f41b11fb96ddd6715e, type: 3}
      propertyPath: m_LocalRotation.w
      value: 1
      objectReference: {fileID: 0}
    - target: {fileID: 5107075868251555497, guid: 63456095daf060f41b11fb96ddd6715e, type: 3}
      propertyPath: m_LocalRotation.x
      value: 0
      objectReference: {fileID: 0}
    - target: {fileID: 5107075868251555497, guid: 63456095daf060f41b11fb96ddd6715e, type: 3}
      propertyPath: m_LocalRotation.y
      value: 0
      objectReference: {fileID: 0}
    - target: {fileID: 5107075868251555497, guid: 63456095daf060f41b11fb96ddd6715e, type: 3}
      propertyPath: m_LocalRotation.z
      value: 0
      objectReference: {fileID: 0}
    - target: {fileID: 5107075868251555497, guid: 63456095daf060f41b11fb96ddd6715e, type: 3}
      propertyPath: m_LocalEulerAnglesHint.x
      value: 0
      objectReference: {fileID: 0}
    - target: {fileID: 5107075868251555497, guid: 63456095daf060f41b11fb96ddd6715e, type: 3}
      propertyPath: m_LocalEulerAnglesHint.y
      value: 0
      objectReference: {fileID: 0}
    - target: {fileID: 5107075868251555497, guid: 63456095daf060f41b11fb96ddd6715e, type: 3}
      propertyPath: m_LocalEulerAnglesHint.z
      value: 0
      objectReference: {fileID: 0}
    m_RemovedComponents: []
  m_SourcePrefab: {fileID: 100100000, guid: 63456095daf060f41b11fb96ddd6715e, type: 3}
--- !u!1 &602538058 stripped
GameObject:
  m_CorrespondingSourceObject: {fileID: 6686468948504517863, guid: 3434c30cbd4dcec42b248e6fd058aba1, type: 3}
  m_PrefabInstance: {fileID: 1818525140}
  m_PrefabAsset: {fileID: 0}
--- !u!114 &704902590 stripped
MonoBehaviour:
  m_CorrespondingSourceObject: {fileID: 5107075869280746857, guid: 63456095daf060f41b11fb96ddd6715e, type: 3}
  m_PrefabInstance: {fileID: 415292737}
  m_PrefabAsset: {fileID: 0}
  m_GameObject: {fileID: 0}
  m_Enabled: 1
  m_EditorHideFlags: 0
  m_Script: {fileID: 11500000, guid: 83e4e6cca11330d4088d729ab4fc9d9f, type: 3}
  m_Name: 
  m_EditorClassIdentifier: 
--- !u!1 &751135866
GameObject:
  m_ObjectHideFlags: 0
  m_CorrespondingSourceObject: {fileID: 0}
  m_PrefabInstance: {fileID: 0}
  m_PrefabAsset: {fileID: 0}
  serializedVersion: 6
  m_Component:
  - component: {fileID: 751135867}
  m_Layer: 0
  m_Name: Kitchen
  m_TagString: Untagged
  m_Icon: {fileID: 0}
  m_NavMeshLayer: 0
  m_StaticEditorFlags: 0
  m_IsActive: 1
--- !u!4 &751135867
Transform:
  m_ObjectHideFlags: 0
  m_CorrespondingSourceObject: {fileID: 0}
  m_PrefabInstance: {fileID: 0}
  m_PrefabAsset: {fileID: 0}
  m_GameObject: {fileID: 751135866}
  m_LocalRotation: {x: 0, y: 0, z: 0, w: 1}
  m_LocalPosition: {x: -0.016088486, y: 4.389965, z: -4.230786}
  m_LocalScale: {x: 0.5, y: 0.5, z: 0.5}
  m_ConstrainProportionsScale: 0
  m_Children:
  - {fileID: 1351599264}
  - {fileID: 1167879128}
  - {fileID: 197883217}
  - {fileID: 1041179214}
  m_Father: {fileID: 0}
  m_RootOrder: 10
  m_LocalEulerAnglesHint: {x: 0, y: 0, z: 0}
--- !u!1001 &823943194
PrefabInstance:
  m_ObjectHideFlags: 0
  serializedVersion: 2
  m_Modification:
    m_TransformParent: {fileID: 0}
    m_Modifications:
    - target: {fileID: 1979884472646211180, guid: 4086517a3599221488478e20af844fc8, type: 3}
      propertyPath: m_Name
      value: good_tomato
      objectReference: {fileID: 0}
    - target: {fileID: 4215690827688781282, guid: 4086517a3599221488478e20af844fc8, type: 3}
      propertyPath: m_RootOrder
      value: 7
      objectReference: {fileID: 0}
    - target: {fileID: 4215690827688781282, guid: 4086517a3599221488478e20af844fc8, type: 3}
      propertyPath: m_LocalPosition.x
      value: -1.5689
      objectReference: {fileID: 0}
    - target: {fileID: 4215690827688781282, guid: 4086517a3599221488478e20af844fc8, type: 3}
      propertyPath: m_LocalPosition.y
      value: 2.9527
      objectReference: {fileID: 0}
    - target: {fileID: 4215690827688781282, guid: 4086517a3599221488478e20af844fc8, type: 3}
      propertyPath: m_LocalPosition.z
      value: 0.3153
      objectReference: {fileID: 0}
    - target: {fileID: 4215690827688781282, guid: 4086517a3599221488478e20af844fc8, type: 3}
      propertyPath: m_LocalRotation.w
      value: 1
      objectReference: {fileID: 0}
    - target: {fileID: 4215690827688781282, guid: 4086517a3599221488478e20af844fc8, type: 3}
      propertyPath: m_LocalRotation.x
      value: 0
      objectReference: {fileID: 0}
    - target: {fileID: 4215690827688781282, guid: 4086517a3599221488478e20af844fc8, type: 3}
      propertyPath: m_LocalRotation.y
      value: 0
      objectReference: {fileID: 0}
    - target: {fileID: 4215690827688781282, guid: 4086517a3599221488478e20af844fc8, type: 3}
      propertyPath: m_LocalRotation.z
      value: 0
      objectReference: {fileID: 0}
    - target: {fileID: 4215690827688781282, guid: 4086517a3599221488478e20af844fc8, type: 3}
      propertyPath: m_LocalEulerAnglesHint.x
      value: 0
      objectReference: {fileID: 0}
    - target: {fileID: 4215690827688781282, guid: 4086517a3599221488478e20af844fc8, type: 3}
      propertyPath: m_LocalEulerAnglesHint.y
      value: 0
      objectReference: {fileID: 0}
    - target: {fileID: 4215690827688781282, guid: 4086517a3599221488478e20af844fc8, type: 3}
      propertyPath: m_LocalEulerAnglesHint.z
      value: 0
      objectReference: {fileID: 0}
    m_RemovedComponents: []
  m_SourcePrefab: {fileID: 100100000, guid: 4086517a3599221488478e20af844fc8, type: 3}
--- !u!1001 &840699237
PrefabInstance:
  m_ObjectHideFlags: 0
  serializedVersion: 2
  m_Modification:
    m_TransformParent: {fileID: 0}
    m_Modifications:
    - target: {fileID: 1023546873725897183, guid: ff3e7a5a92755814c9437ba21db78ced, type: 3}
      propertyPath: m_Name
      value: hint
      objectReference: {fileID: 0}
    - target: {fileID: 1023546873725897183, guid: ff3e7a5a92755814c9437ba21db78ced, type: 3}
      propertyPath: m_IsActive
      value: 0
      objectReference: {fileID: 0}
    - target: {fileID: 5105012956660586857, guid: ff3e7a5a92755814c9437ba21db78ced, type: 3}
      propertyPath: m_RootOrder
      value: 12
      objectReference: {fileID: 0}
    - target: {fileID: 5105012956660586857, guid: ff3e7a5a92755814c9437ba21db78ced, type: 3}
      propertyPath: m_LocalScale.x
      value: 0.32012802
      objectReference: {fileID: 0}
    - target: {fileID: 5105012956660586857, guid: ff3e7a5a92755814c9437ba21db78ced, type: 3}
      propertyPath: m_LocalScale.y
      value: 0.22071008
      objectReference: {fileID: 0}
    - target: {fileID: 5105012956660586857, guid: ff3e7a5a92755814c9437ba21db78ced, type: 3}
      propertyPath: m_LocalScale.z
      value: 0.05
      objectReference: {fileID: 0}
    - target: {fileID: 5105012956660586857, guid: ff3e7a5a92755814c9437ba21db78ced, type: 3}
      propertyPath: m_LocalPosition.x
      value: -1.009
      objectReference: {fileID: 0}
    - target: {fileID: 5105012956660586857, guid: ff3e7a5a92755814c9437ba21db78ced, type: 3}
      propertyPath: m_LocalPosition.y
      value: 2.09
      objectReference: {fileID: 0}
    - target: {fileID: 5105012956660586857, guid: ff3e7a5a92755814c9437ba21db78ced, type: 3}
      propertyPath: m_LocalPosition.z
      value: -0.459
      objectReference: {fileID: 0}
    - target: {fileID: 5105012956660586857, guid: ff3e7a5a92755814c9437ba21db78ced, type: 3}
      propertyPath: m_LocalRotation.w
      value: 1
      objectReference: {fileID: 0}
    - target: {fileID: 5105012956660586857, guid: ff3e7a5a92755814c9437ba21db78ced, type: 3}
      propertyPath: m_LocalRotation.x
      value: -0
      objectReference: {fileID: 0}
    - target: {fileID: 5105012956660586857, guid: ff3e7a5a92755814c9437ba21db78ced, type: 3}
      propertyPath: m_LocalRotation.y
      value: -0
      objectReference: {fileID: 0}
    - target: {fileID: 5105012956660586857, guid: ff3e7a5a92755814c9437ba21db78ced, type: 3}
      propertyPath: m_LocalRotation.z
      value: -0
      objectReference: {fileID: 0}
    - target: {fileID: 5105012956660586857, guid: ff3e7a5a92755814c9437ba21db78ced, type: 3}
      propertyPath: m_LocalEulerAnglesHint.x
      value: 0
      objectReference: {fileID: 0}
    - target: {fileID: 5105012956660586857, guid: ff3e7a5a92755814c9437ba21db78ced, type: 3}
      propertyPath: m_LocalEulerAnglesHint.y
      value: 0
      objectReference: {fileID: 0}
    - target: {fileID: 5105012956660586857, guid: ff3e7a5a92755814c9437ba21db78ced, type: 3}
      propertyPath: m_LocalEulerAnglesHint.z
      value: 0
      objectReference: {fileID: 0}
    - target: {fileID: 5681010718785405228, guid: ff3e7a5a92755814c9437ba21db78ced, type: 3}
      propertyPath: m_LocalScale.x
      value: 0.58767
      objectReference: {fileID: 0}
    - target: {fileID: 5681010718785405228, guid: ff3e7a5a92755814c9437ba21db78ced, type: 3}
      propertyPath: m_LocalScale.z
      value: 0.70266
      objectReference: {fileID: 0}
    - target: {fileID: 5681010718785405228, guid: ff3e7a5a92755814c9437ba21db78ced, type: 3}
      propertyPath: m_LocalPosition.x
      value: 0.43
      objectReference: {fileID: 0}
    - target: {fileID: 5681010718785405228, guid: ff3e7a5a92755814c9437ba21db78ced, type: 3}
      propertyPath: m_LocalPosition.z
      value: -0.75
      objectReference: {fileID: 0}
    - target: {fileID: 5875315552345405121, guid: ff3e7a5a92755814c9437ba21db78ced, type: 3}
      propertyPath: m_Materials.Array.data[0]
      value: 
      objectReference: {fileID: 2100000, guid: f95e415e1008edd46a594dbd36cf5dfa, type: 2}
    - target: {fileID: 7391489716577049875, guid: ff3e7a5a92755814c9437ba21db78ced, type: 3}
      propertyPath: m_Materials.Array.data[0]
      value: 
      objectReference: {fileID: 2100000, guid: f95e415e1008edd46a594dbd36cf5dfa, type: 2}
    - target: {fileID: 7882359426500826870, guid: ff3e7a5a92755814c9437ba21db78ced, type: 3}
      propertyPath: m_LocalScale.x
      value: 0.20261112
      objectReference: {fileID: 0}
    - target: {fileID: 7882359426500826870, guid: ff3e7a5a92755814c9437ba21db78ced, type: 3}
      propertyPath: m_LocalScale.y
      value: -1.181
      objectReference: {fileID: 0}
    - target: {fileID: 7882359426500826870, guid: ff3e7a5a92755814c9437ba21db78ced, type: 3}
      propertyPath: m_LocalScale.z
      value: 0.28581116
      objectReference: {fileID: 0}
    - target: {fileID: 7882359426500826870, guid: ff3e7a5a92755814c9437ba21db78ced, type: 3}
      propertyPath: m_LocalPosition.x
      value: 0.98
      objectReference: {fileID: 0}
    - target: {fileID: 7882359426500826870, guid: ff3e7a5a92755814c9437ba21db78ced, type: 3}
      propertyPath: m_LocalPosition.y
      value: 1.13
      objectReference: {fileID: 0}
    - target: {fileID: 7934014907654112100, guid: ff3e7a5a92755814c9437ba21db78ced, type: 3}
      propertyPath: m_Materials.Array.data[0]
      value: 
      objectReference: {fileID: 2100000, guid: ab1e501408f784696a373918622592b2, type: 2}
    - target: {fileID: 8745982660898297714, guid: ff3e7a5a92755814c9437ba21db78ced, type: 3}
      propertyPath: m_Materials.Array.data[0]
      value: 
      objectReference: {fileID: 2100000, guid: f95e415e1008edd46a594dbd36cf5dfa, type: 2}
    m_RemovedComponents: []
  m_SourcePrefab: {fileID: 100100000, guid: ff3e7a5a92755814c9437ba21db78ced, type: 3}
--- !u!1 &840699239 stripped
GameObject:
  m_CorrespondingSourceObject: {fileID: 2553111195335358105, guid: ff3e7a5a92755814c9437ba21db78ced, type: 3}
  m_PrefabInstance: {fileID: 840699237}
  m_PrefabAsset: {fileID: 0}
--- !u!23 &840699240
MeshRenderer:
  m_ObjectHideFlags: 0
  m_CorrespondingSourceObject: {fileID: 0}
  m_PrefabInstance: {fileID: 0}
  m_PrefabAsset: {fileID: 0}
  m_GameObject: {fileID: 840699239}
  m_Enabled: 1
  m_CastShadows: 1
  m_ReceiveShadows: 1
  m_DynamicOccludee: 1
  m_StaticShadowCaster: 0
  m_MotionVectors: 1
  m_LightProbeUsage: 1
  m_ReflectionProbeUsage: 1
  m_RayTracingMode: 2
  m_RayTraceProcedural: 0
  m_RenderingLayerMask: 1
  m_RendererPriority: 0
  m_Materials:
  - {fileID: 2100000, guid: 7f8dceb45e4e6064db8f497cf954d40e, type: 2}
  m_StaticBatchInfo:
    firstSubMesh: 0
    subMeshCount: 0
  m_StaticBatchRoot: {fileID: 0}
  m_ProbeAnchor: {fileID: 0}
  m_LightProbeVolumeOverride: {fileID: 0}
  m_ScaleInLightmap: 1
  m_ReceiveGI: 1
  m_PreserveUVs: 0
  m_IgnoreNormalsForChartDetection: 0
  m_ImportantGI: 0
  m_StitchLightmapSeams: 1
  m_SelectedEditorRenderState: 3
  m_MinimumChartSize: 4
  m_AutoUVMaxDistance: 0.5
  m_AutoUVMaxAngle: 89
  m_LightmapParameters: {fileID: 0}
  m_SortingLayerID: 0
  m_SortingLayer: 0
  m_SortingOrder: 0
  m_AdditionalVertexStreams: {fileID: 0}
--- !u!1 &893210151 stripped
GameObject:
  m_CorrespondingSourceObject: {fileID: 2195935457688328882, guid: 3434c30cbd4dcec42b248e6fd058aba1, type: 3}
  m_PrefabInstance: {fileID: 1818525140}
  m_PrefabAsset: {fileID: 0}
--- !u!1001 &1041179213
PrefabInstance:
  m_ObjectHideFlags: 0
  serializedVersion: 2
  m_Modification:
    m_TransformParent: {fileID: 751135867}
    m_Modifications:
    - target: {fileID: 2031454501, guid: de18e546e7b6f7f408d8e2999fe12f56, type: 3}
      propertyPath: m_Enabled
      value: 0
      objectReference: {fileID: 0}
    - target: {fileID: 350105674181120546, guid: de18e546e7b6f7f408d8e2999fe12f56, type: 3}
      propertyPath: m_RootOrder
      value: 3
      objectReference: {fileID: 0}
    - target: {fileID: 350105674181120546, guid: de18e546e7b6f7f408d8e2999fe12f56, type: 3}
      propertyPath: m_LocalPosition.x
      value: 0.016088486
      objectReference: {fileID: 0}
    - target: {fileID: 350105674181120546, guid: de18e546e7b6f7f408d8e2999fe12f56, type: 3}
      propertyPath: m_LocalPosition.y
      value: -4.389965
      objectReference: {fileID: 0}
    - target: {fileID: 350105674181120546, guid: de18e546e7b6f7f408d8e2999fe12f56, type: 3}
      propertyPath: m_LocalPosition.z
      value: 4.230786
      objectReference: {fileID: 0}
    - target: {fileID: 350105674181120546, guid: de18e546e7b6f7f408d8e2999fe12f56, type: 3}
      propertyPath: m_LocalRotation.w
      value: 1
      objectReference: {fileID: 0}
    - target: {fileID: 350105674181120546, guid: de18e546e7b6f7f408d8e2999fe12f56, type: 3}
      propertyPath: m_LocalRotation.x
      value: -0
      objectReference: {fileID: 0}
    - target: {fileID: 350105674181120546, guid: de18e546e7b6f7f408d8e2999fe12f56, type: 3}
      propertyPath: m_LocalRotation.y
      value: -0
      objectReference: {fileID: 0}
    - target: {fileID: 350105674181120546, guid: de18e546e7b6f7f408d8e2999fe12f56, type: 3}
      propertyPath: m_LocalRotation.z
      value: -0
      objectReference: {fileID: 0}
    - target: {fileID: 350105674181120546, guid: de18e546e7b6f7f408d8e2999fe12f56, type: 3}
      propertyPath: m_LocalEulerAnglesHint.x
      value: 0
      objectReference: {fileID: 0}
    - target: {fileID: 350105674181120546, guid: de18e546e7b6f7f408d8e2999fe12f56, type: 3}
      propertyPath: m_LocalEulerAnglesHint.y
      value: 0
      objectReference: {fileID: 0}
    - target: {fileID: 350105674181120546, guid: de18e546e7b6f7f408d8e2999fe12f56, type: 3}
      propertyPath: m_LocalEulerAnglesHint.z
      value: 0
      objectReference: {fileID: 0}
    - target: {fileID: 1265903576270556410, guid: de18e546e7b6f7f408d8e2999fe12f56, type: 3}
      propertyPath: m_Name
      value: Room
      objectReference: {fileID: 0}
    m_RemovedComponents: []
  m_SourcePrefab: {fileID: 100100000, guid: de18e546e7b6f7f408d8e2999fe12f56, type: 3}
--- !u!4 &1041179214 stripped
Transform:
  m_CorrespondingSourceObject: {fileID: 350105674181120546, guid: de18e546e7b6f7f408d8e2999fe12f56, type: 3}
  m_PrefabInstance: {fileID: 1041179213}
  m_PrefabAsset: {fileID: 0}
--- !u!1 &1041179215 stripped
GameObject:
  m_CorrespondingSourceObject: {fileID: 1936885820661078413, guid: de18e546e7b6f7f408d8e2999fe12f56, type: 3}
  m_PrefabInstance: {fileID: 1041179213}
  m_PrefabAsset: {fileID: 0}
--- !u!65 &1041179216
BoxCollider:
  m_ObjectHideFlags: 0
  m_CorrespondingSourceObject: {fileID: 0}
  m_PrefabInstance: {fileID: 0}
  m_PrefabAsset: {fileID: 0}
  m_GameObject: {fileID: 1041179215}
  m_Material: {fileID: 0}
  m_IsTrigger: 0
  m_Enabled: 1
  serializedVersion: 2
  m_Size: {x: 10, y: 2.220446e-16, z: 10}
  m_Center: {x: 0, y: 0, z: 0}
--- !u!4 &1159846283 stripped
Transform:
  m_CorrespondingSourceObject: {fileID: 5105012956660586857, guid: ff3e7a5a92755814c9437ba21db78ced, type: 3}
  m_PrefabInstance: {fileID: 1465917102}
  m_PrefabAsset: {fileID: 0}
--- !u!4 &1167879128 stripped
Transform:
  m_CorrespondingSourceObject: {fileID: 2598682778209775847, guid: 271038d0f2750ab4d827621fd92b5a90, type: 3}
  m_PrefabInstance: {fileID: 55006846}
  m_PrefabAsset: {fileID: 0}
--- !u!1 &1200521905 stripped
GameObject:
  m_CorrespondingSourceObject: {fileID: 3184113562107958227, guid: 90c037c8092f3fa459641f9908f8e950, type: 3}
  m_PrefabInstance: {fileID: 1598447690}
  m_PrefabAsset: {fileID: 0}
--- !u!1001 &1262059556
PrefabInstance:
  m_ObjectHideFlags: 0
  serializedVersion: 2
  m_Modification:
    m_TransformParent: {fileID: 751135867}
    m_Modifications:
    - target: {fileID: 1362391029387102083, guid: 5690261e4f6c9594b853d60ca3b2e348, type: 3}
      propertyPath: m_RootOrder
      value: 0
      objectReference: {fileID: 0}
    - target: {fileID: 1362391029387102083, guid: 5690261e4f6c9594b853d60ca3b2e348, type: 3}
      propertyPath: m_LocalPosition.x
      value: -2.3899114
      objectReference: {fileID: 0}
    - target: {fileID: 1362391029387102083, guid: 5690261e4f6c9594b853d60ca3b2e348, type: 3}
      propertyPath: m_LocalPosition.y
      value: -3.050965
      objectReference: {fileID: 0}
    - target: {fileID: 1362391029387102083, guid: 5690261e4f6c9594b853d60ca3b2e348, type: 3}
      propertyPath: m_LocalPosition.z
      value: 8.293786
      objectReference: {fileID: 0}
    - target: {fileID: 1362391029387102083, guid: 5690261e4f6c9594b853d60ca3b2e348, type: 3}
      propertyPath: m_LocalRotation.w
      value: 0.77871394
      objectReference: {fileID: 0}
    - target: {fileID: 1362391029387102083, guid: 5690261e4f6c9594b853d60ca3b2e348, type: 3}
      propertyPath: m_LocalRotation.x
      value: -0
      objectReference: {fileID: 0}
    - target: {fileID: 1362391029387102083, guid: 5690261e4f6c9594b853d60ca3b2e348, type: 3}
      propertyPath: m_LocalRotation.y
      value: 0.62737924
      objectReference: {fileID: 0}
    - target: {fileID: 1362391029387102083, guid: 5690261e4f6c9594b853d60ca3b2e348, type: 3}
      propertyPath: m_LocalRotation.z
      value: -0
      objectReference: {fileID: 0}
    - target: {fileID: 1362391029387102083, guid: 5690261e4f6c9594b853d60ca3b2e348, type: 3}
      propertyPath: m_LocalEulerAnglesHint.x
      value: 0
      objectReference: {fileID: 0}
    - target: {fileID: 1362391029387102083, guid: 5690261e4f6c9594b853d60ca3b2e348, type: 3}
      propertyPath: m_LocalEulerAnglesHint.y
      value: 77.714
      objectReference: {fileID: 0}
    - target: {fileID: 1362391029387102083, guid: 5690261e4f6c9594b853d60ca3b2e348, type: 3}
      propertyPath: m_LocalEulerAnglesHint.z
      value: 0
      objectReference: {fileID: 0}
    - target: {fileID: 5905304067380139462, guid: 5690261e4f6c9594b853d60ca3b2e348, type: 3}
      propertyPath: m_Name
      value: game_ready_food_asset_pack
      objectReference: {fileID: 0}
    m_RemovedComponents: []
  m_SourcePrefab: {fileID: 100100000, guid: 5690261e4f6c9594b853d60ca3b2e348, type: 3}
--- !u!114 &1307651339 stripped
MonoBehaviour:
  m_CorrespondingSourceObject: {fileID: 2195935457688328884, guid: 3434c30cbd4dcec42b248e6fd058aba1, type: 3}
  m_PrefabInstance: {fileID: 1818525140}
  m_PrefabAsset: {fileID: 0}
  m_GameObject: {fileID: 893210151}
  m_Enabled: 1
  m_EditorHideFlags: 0
  m_Script: {fileID: 11500000, guid: 9541d86e2fd84c1d9990edf0852d74ab, type: 3}
  m_Name: 
  m_EditorClassIdentifier: 
--- !u!4 &1351599264 stripped
Transform:
  m_CorrespondingSourceObject: {fileID: 1362391029387102083, guid: 5690261e4f6c9594b853d60ca3b2e348, type: 3}
  m_PrefabInstance: {fileID: 1262059556}
  m_PrefabAsset: {fileID: 0}
--- !u!1 &1354842898
GameObject:
  m_ObjectHideFlags: 0
  m_CorrespondingSourceObject: {fileID: 0}
  m_PrefabInstance: {fileID: 0}
  m_PrefabAsset: {fileID: 0}
  serializedVersion: 6
  m_Component:
  - component: {fileID: 1354842901}
  - component: {fileID: 1354842900}
  - component: {fileID: 1354842899}
  m_Layer: 0
  m_Name: EventSystem
  m_TagString: Untagged
  m_Icon: {fileID: 0}
  m_NavMeshLayer: 0
  m_StaticEditorFlags: 0
  m_IsActive: 1
--- !u!114 &1354842899
MonoBehaviour:
  m_ObjectHideFlags: 0
  m_CorrespondingSourceObject: {fileID: 0}
  m_PrefabInstance: {fileID: 0}
  m_PrefabAsset: {fileID: 0}
  m_GameObject: {fileID: 1354842898}
  m_Enabled: 1
  m_EditorHideFlags: 0
  m_Script: {fileID: 11500000, guid: 4f231c4fb786f3946a6b90b886c48677, type: 3}
  m_Name: 
  m_EditorClassIdentifier: 
  m_SendPointerHoverToParent: 1
  m_HorizontalAxis: Horizontal
  m_VerticalAxis: Vertical
  m_SubmitButton: Submit
  m_CancelButton: Cancel
  m_InputActionsPerSecond: 10
  m_RepeatDelay: 0.5
  m_ForceModuleActive: 0
--- !u!114 &1354842900
MonoBehaviour:
  m_ObjectHideFlags: 0
  m_CorrespondingSourceObject: {fileID: 0}
  m_PrefabInstance: {fileID: 0}
  m_PrefabAsset: {fileID: 0}
  m_GameObject: {fileID: 1354842898}
  m_Enabled: 1
  m_EditorHideFlags: 0
  m_Script: {fileID: 11500000, guid: 76c392e42b5098c458856cdf6ecaaaa1, type: 3}
  m_Name: 
  m_EditorClassIdentifier: 
  m_FirstSelected: {fileID: 0}
  m_sendNavigationEvents: 1
  m_DragThreshold: 10
--- !u!4 &1354842901
Transform:
  m_ObjectHideFlags: 0
  m_CorrespondingSourceObject: {fileID: 0}
  m_PrefabInstance: {fileID: 0}
  m_PrefabAsset: {fileID: 0}
  m_GameObject: {fileID: 1354842898}
  m_LocalRotation: {x: 0, y: 0, z: 0, w: 1}
  m_LocalPosition: {x: 0, y: 0, z: 0}
  m_LocalScale: {x: 1, y: 1, z: 1}
  m_ConstrainProportionsScale: 0
  m_Children: []
  m_Father: {fileID: 0}
  m_RootOrder: 11
  m_LocalEulerAnglesHint: {x: 0, y: 0, z: 0}
--- !u!1 &1376522079 stripped
GameObject:
  m_CorrespondingSourceObject: {fileID: 5584202399384143214, guid: 3434c30cbd4dcec42b248e6fd058aba1, type: 3}
  m_PrefabInstance: {fileID: 1818525140}
  m_PrefabAsset: {fileID: 0}
--- !u!1001 &1465917102
PrefabInstance:
  m_ObjectHideFlags: 0
  serializedVersion: 2
  m_Modification:
    m_TransformParent: {fileID: 0}
    m_Modifications:
    - target: {fileID: 1023546873725897183, guid: ff3e7a5a92755814c9437ba21db78ced, type: 3}
      propertyPath: m_Name
      value: chatBubble
      objectReference: {fileID: 0}
    - target: {fileID: 1023546873725897183, guid: ff3e7a5a92755814c9437ba21db78ced, type: 3}
      propertyPath: m_IsActive
      value: 0
      objectReference: {fileID: 0}
    - target: {fileID: 5105012956660586857, guid: ff3e7a5a92755814c9437ba21db78ced, type: 3}
      propertyPath: m_RootOrder
      value: 8
      objectReference: {fileID: 0}
    - target: {fileID: 5105012956660586857, guid: ff3e7a5a92755814c9437ba21db78ced, type: 3}
      propertyPath: m_LocalScale.x
      value: 0.32012802
      objectReference: {fileID: 0}
    - target: {fileID: 5105012956660586857, guid: ff3e7a5a92755814c9437ba21db78ced, type: 3}
      propertyPath: m_LocalScale.y
      value: 0.22071008
      objectReference: {fileID: 0}
    - target: {fileID: 5105012956660586857, guid: ff3e7a5a92755814c9437ba21db78ced, type: 3}
      propertyPath: m_LocalScale.z
      value: 0.05
      objectReference: {fileID: 0}
    - target: {fileID: 5105012956660586857, guid: ff3e7a5a92755814c9437ba21db78ced, type: 3}
      propertyPath: m_LocalPosition.x
      value: -1.009
      objectReference: {fileID: 0}
    - target: {fileID: 5105012956660586857, guid: ff3e7a5a92755814c9437ba21db78ced, type: 3}
      propertyPath: m_LocalPosition.y
      value: 2.09
      objectReference: {fileID: 0}
    - target: {fileID: 5105012956660586857, guid: ff3e7a5a92755814c9437ba21db78ced, type: 3}
      propertyPath: m_LocalPosition.z
      value: -0.459
      objectReference: {fileID: 0}
    - target: {fileID: 5105012956660586857, guid: ff3e7a5a92755814c9437ba21db78ced, type: 3}
      propertyPath: m_LocalRotation.w
      value: 1
      objectReference: {fileID: 0}
    - target: {fileID: 5105012956660586857, guid: ff3e7a5a92755814c9437ba21db78ced, type: 3}
      propertyPath: m_LocalRotation.x
      value: -0
      objectReference: {fileID: 0}
    - target: {fileID: 5105012956660586857, guid: ff3e7a5a92755814c9437ba21db78ced, type: 3}
      propertyPath: m_LocalRotation.y
      value: -0
      objectReference: {fileID: 0}
    - target: {fileID: 5105012956660586857, guid: ff3e7a5a92755814c9437ba21db78ced, type: 3}
      propertyPath: m_LocalRotation.z
      value: -0
      objectReference: {fileID: 0}
    - target: {fileID: 5105012956660586857, guid: ff3e7a5a92755814c9437ba21db78ced, type: 3}
      propertyPath: m_LocalEulerAnglesHint.x
      value: 0
      objectReference: {fileID: 0}
    - target: {fileID: 5105012956660586857, guid: ff3e7a5a92755814c9437ba21db78ced, type: 3}
      propertyPath: m_LocalEulerAnglesHint.y
      value: 0
      objectReference: {fileID: 0}
    - target: {fileID: 5105012956660586857, guid: ff3e7a5a92755814c9437ba21db78ced, type: 3}
      propertyPath: m_LocalEulerAnglesHint.z
      value: 0
      objectReference: {fileID: 0}
    - target: {fileID: 5681010718785405228, guid: ff3e7a5a92755814c9437ba21db78ced, type: 3}
      propertyPath: m_LocalScale.x
      value: 0.58767
      objectReference: {fileID: 0}
    - target: {fileID: 5681010718785405228, guid: ff3e7a5a92755814c9437ba21db78ced, type: 3}
      propertyPath: m_LocalScale.z
      value: 0.70266
      objectReference: {fileID: 0}
    - target: {fileID: 5681010718785405228, guid: ff3e7a5a92755814c9437ba21db78ced, type: 3}
      propertyPath: m_LocalPosition.x
      value: 0.43
      objectReference: {fileID: 0}
    - target: {fileID: 5681010718785405228, guid: ff3e7a5a92755814c9437ba21db78ced, type: 3}
      propertyPath: m_LocalPosition.z
      value: -0.75
      objectReference: {fileID: 0}
    - target: {fileID: 7934014907654112100, guid: ff3e7a5a92755814c9437ba21db78ced, type: 3}
      propertyPath: m_Materials.Array.data[0]
      value: 
      objectReference: {fileID: 541763047200253948, guid: a73170c8a6b792344a114368d5810710, type: 3}
    m_RemovedComponents: []
  m_SourcePrefab: {fileID: 100100000, guid: ff3e7a5a92755814c9437ba21db78ced, type: 3}
--- !u!1 &1475158733 stripped
GameObject:
  m_CorrespondingSourceObject: {fileID: 7682977043583615056, guid: 77253fffa94476a4ba81962701ad4fe2, type: 3}
  m_PrefabInstance: {fileID: 1534771290}
  m_PrefabAsset: {fileID: 0}
--- !u!114 &1475158740
MonoBehaviour:
  m_ObjectHideFlags: 0
  m_CorrespondingSourceObject: {fileID: 0}
  m_PrefabInstance: {fileID: 0}
  m_PrefabAsset: {fileID: 0}
  m_GameObject: {fileID: 1475158733}
  m_Enabled: 1
  m_EditorHideFlags: 0
  m_Script: {fileID: 11500000, guid: 4ed84e244d47d024fbde5ae45dbe3d6a, type: 3}
  m_Name: 
  m_EditorClassIdentifier: 
  isInTheDrawer: 0
  Drawer: {fileID: 1539148074}
--- !u!1001 &1534771290
PrefabInstance:
  m_ObjectHideFlags: 0
  serializedVersion: 2
  m_Modification:
    m_TransformParent: {fileID: 0}
    m_Modifications:
    - target: {fileID: 1256898697004943709, guid: 77253fffa94476a4ba81962701ad4fe2, type: 3}
      propertyPath: book
      value: 
      objectReference: {fileID: 602538058}
    - target: {fileID: 1256898697004943709, guid: 77253fffa94476a4ba81962701ad4fe2, type: 3}
      propertyPath: text
      value: 
      objectReference: {fileID: 1307651339}
    - target: {fileID: 1256898697004943709, guid: 77253fffa94476a4ba81962701ad4fe2, type: 3}
      propertyPath: texte
      value: 
      objectReference: {fileID: 893210151}
    - target: {fileID: 1256898697004943709, guid: 77253fffa94476a4ba81962701ad4fe2, type: 3}
      propertyPath: book_open2
      value: 
      objectReference: {fileID: 1376522079}
    - target: {fileID: 1256898697004943709, guid: 77253fffa94476a4ba81962701ad4fe2, type: 3}
      propertyPath: openedBook
      value: 
      objectReference: {fileID: 1376522079}
    - target: {fileID: 7682977043273574511, guid: 77253fffa94476a4ba81962701ad4fe2, type: 3}
      propertyPath: m_LocalScale.x
      value: 1
      objectReference: {fileID: 0}
    - target: {fileID: 7682977043273574511, guid: 77253fffa94476a4ba81962701ad4fe2, type: 3}
      propertyPath: m_LocalScale.y
      value: 0.15
      objectReference: {fileID: 0}
    - target: {fileID: 7682977043273574511, guid: 77253fffa94476a4ba81962701ad4fe2, type: 3}
      propertyPath: m_LocalScale.z
      value: 0.002
      objectReference: {fileID: 0}
    - target: {fileID: 7682977043273574511, guid: 77253fffa94476a4ba81962701ad4fe2, type: 3}
      propertyPath: m_LocalPosition.x
      value: 0.6287
      objectReference: {fileID: 0}
    - target: {fileID: 7682977043273574511, guid: 77253fffa94476a4ba81962701ad4fe2, type: 3}
      propertyPath: m_LocalPosition.y
      value: -1.463
      objectReference: {fileID: 0}
    - target: {fileID: 7682977043273574511, guid: 77253fffa94476a4ba81962701ad4fe2, type: 3}
      propertyPath: m_LocalPosition.z
      value: -42.04
      objectReference: {fileID: 0}
    - target: {fileID: 7682977043273574511, guid: 77253fffa94476a4ba81962701ad4fe2, type: 3}
      propertyPath: m_LocalRotation.w
      value: -0.7071068
      objectReference: {fileID: 0}
    - target: {fileID: 7682977043273574511, guid: 77253fffa94476a4ba81962701ad4fe2, type: 3}
      propertyPath: m_LocalRotation.x
      value: 0
      objectReference: {fileID: 0}
    - target: {fileID: 7682977043273574511, guid: 77253fffa94476a4ba81962701ad4fe2, type: 3}
      propertyPath: m_LocalRotation.y
      value: 0.7071068
      objectReference: {fileID: 0}
    - target: {fileID: 7682977043273574511, guid: 77253fffa94476a4ba81962701ad4fe2, type: 3}
      propertyPath: m_LocalRotation.z
      value: -0
      objectReference: {fileID: 0}
    - target: {fileID: 7682977043273574511, guid: 77253fffa94476a4ba81962701ad4fe2, type: 3}
      propertyPath: m_LocalEulerAnglesHint.y
      value: 270
      objectReference: {fileID: 0}
    - target: {fileID: 7682977043534853458, guid: 77253fffa94476a4ba81962701ad4fe2, type: 3}
      propertyPath: m_LocalPosition.x
      value: 1.862
      objectReference: {fileID: 0}
    - target: {fileID: 7682977043534853458, guid: 77253fffa94476a4ba81962701ad4fe2, type: 3}
      propertyPath: m_LocalPosition.y
      value: -1.325
      objectReference: {fileID: 0}
    - target: {fileID: 7682977043534853458, guid: 77253fffa94476a4ba81962701ad4fe2, type: 3}
      propertyPath: m_LocalPosition.z
      value: -11.12
      objectReference: {fileID: 0}
    - target: {fileID: 7682977043583615065, guid: 77253fffa94476a4ba81962701ad4fe2, type: 3}
      propertyPath: m_UseGravity
      value: 1
      objectReference: {fileID: 0}
    - target: {fileID: 7682977043583615070, guid: 77253fffa94476a4ba81962701ad4fe2, type: 3}
      propertyPath: m_IsTrigger
      value: 0
      objectReference: {fileID: 0}
    - target: {fileID: 7682977043583615071, guid: 77253fffa94476a4ba81962701ad4fe2, type: 3}
      propertyPath: m_LocalScale.x
      value: 0.07
      objectReference: {fileID: 0}
    - target: {fileID: 7682977043583615071, guid: 77253fffa94476a4ba81962701ad4fe2, type: 3}
      propertyPath: m_LocalScale.y
      value: 0.6
      objectReference: {fileID: 0}
    - target: {fileID: 7682977043583615071, guid: 77253fffa94476a4ba81962701ad4fe2, type: 3}
      propertyPath: m_LocalScale.z
      value: 0.002
      objectReference: {fileID: 0}
    - target: {fileID: 7682977043583615071, guid: 77253fffa94476a4ba81962701ad4fe2, type: 3}
      propertyPath: m_LocalPosition.x
      value: -0.21359998
      objectReference: {fileID: 0}
    - target: {fileID: 7682977043583615071, guid: 77253fffa94476a4ba81962701ad4fe2, type: 3}
      propertyPath: m_LocalPosition.y
      value: -2.0617
      objectReference: {fileID: 0}
    - target: {fileID: 7682977043583615071, guid: 77253fffa94476a4ba81962701ad4fe2, type: 3}
      propertyPath: m_LocalPosition.z
      value: -8.819
      objectReference: {fileID: 0}
    - target: {fileID: 7682977043583615071, guid: 77253fffa94476a4ba81962701ad4fe2, type: 3}
      propertyPath: m_LocalRotation.w
      value: 0.7071068
      objectReference: {fileID: 0}
    - target: {fileID: 7682977043583615071, guid: 77253fffa94476a4ba81962701ad4fe2, type: 3}
      propertyPath: m_LocalRotation.x
      value: 0.7071068
      objectReference: {fileID: 0}
    - target: {fileID: 7682977043583615071, guid: 77253fffa94476a4ba81962701ad4fe2, type: 3}
      propertyPath: m_LocalRotation.y
      value: 0
      objectReference: {fileID: 0}
    - target: {fileID: 7682977043583615071, guid: 77253fffa94476a4ba81962701ad4fe2, type: 3}
      propertyPath: m_LocalRotation.z
      value: 0
      objectReference: {fileID: 0}
    - target: {fileID: 7682977043583615071, guid: 77253fffa94476a4ba81962701ad4fe2, type: 3}
      propertyPath: m_LocalEulerAnglesHint.x
      value: 90
      objectReference: {fileID: 0}
    - target: {fileID: 8687386186136100049, guid: 77253fffa94476a4ba81962701ad4fe2, type: 3}
      propertyPath: m_RootOrder
      value: 5
      objectReference: {fileID: 0}
    - target: {fileID: 8687386186136100049, guid: 77253fffa94476a4ba81962701ad4fe2, type: 3}
      propertyPath: m_LocalPosition.x
      value: 0.313
      objectReference: {fileID: 0}
    - target: {fileID: 8687386186136100049, guid: 77253fffa94476a4ba81962701ad4fe2, type: 3}
      propertyPath: m_LocalPosition.y
      value: 3.208
      objectReference: {fileID: 0}
    - target: {fileID: 8687386186136100049, guid: 77253fffa94476a4ba81962701ad4fe2, type: 3}
      propertyPath: m_LocalPosition.z
      value: -4.516
      objectReference: {fileID: 0}
    - target: {fileID: 8687386186136100049, guid: 77253fffa94476a4ba81962701ad4fe2, type: 3}
      propertyPath: m_LocalRotation.w
      value: 0
      objectReference: {fileID: 0}
    - target: {fileID: 8687386186136100049, guid: 77253fffa94476a4ba81962701ad4fe2, type: 3}
      propertyPath: m_LocalRotation.x
      value: 0
      objectReference: {fileID: 0}
    - target: {fileID: 8687386186136100049, guid: 77253fffa94476a4ba81962701ad4fe2, type: 3}
      propertyPath: m_LocalRotation.y
      value: -1
      objectReference: {fileID: 0}
    - target: {fileID: 8687386186136100049, guid: 77253fffa94476a4ba81962701ad4fe2, type: 3}
      propertyPath: m_LocalRotation.z
      value: 0
      objectReference: {fileID: 0}
    - target: {fileID: 8687386186136100049, guid: 77253fffa94476a4ba81962701ad4fe2, type: 3}
      propertyPath: m_LocalEulerAnglesHint.x
      value: 0
      objectReference: {fileID: 0}
    - target: {fileID: 8687386186136100049, guid: 77253fffa94476a4ba81962701ad4fe2, type: 3}
      propertyPath: m_LocalEulerAnglesHint.y
      value: -180
      objectReference: {fileID: 0}
    - target: {fileID: 8687386186136100049, guid: 77253fffa94476a4ba81962701ad4fe2, type: 3}
      propertyPath: m_LocalEulerAnglesHint.z
      value: 0
      objectReference: {fileID: 0}
    - target: {fileID: 8687386186136100050, guid: 77253fffa94476a4ba81962701ad4fe2, type: 3}
      propertyPath: m_Name
      value: Board
      objectReference: {fileID: 0}
    m_RemovedComponents: []
  m_SourcePrefab: {fileID: 100100000, guid: 77253fffa94476a4ba81962701ad4fe2, type: 3}
--- !u!1001 &1537228402
PrefabInstance:
  m_ObjectHideFlags: 0
  serializedVersion: 2
  m_Modification:
    m_TransformParent: {fileID: 0}
    m_Modifications:
    - target: {fileID: 2787284534842565301, guid: 3fc9a2c341c79f94eb5e1f54257ee583, type: 3}
      propertyPath: m_RootOrder
      value: 6
      objectReference: {fileID: 0}
    - target: {fileID: 2787284534842565301, guid: 3fc9a2c341c79f94eb5e1f54257ee583, type: 3}
      propertyPath: m_LocalPosition.x
      value: -0.954
      objectReference: {fileID: 0}
    - target: {fileID: 2787284534842565301, guid: 3fc9a2c341c79f94eb5e1f54257ee583, type: 3}
      propertyPath: m_LocalPosition.y
      value: 2.902
      objectReference: {fileID: 0}
    - target: {fileID: 2787284534842565301, guid: 3fc9a2c341c79f94eb5e1f54257ee583, type: 3}
      propertyPath: m_LocalPosition.z
      value: -0.401
      objectReference: {fileID: 0}
    - target: {fileID: 2787284534842565301, guid: 3fc9a2c341c79f94eb5e1f54257ee583, type: 3}
      propertyPath: m_LocalRotation.w
      value: 0.837903
      objectReference: {fileID: 0}
    - target: {fileID: 2787284534842565301, guid: 3fc9a2c341c79f94eb5e1f54257ee583, type: 3}
      propertyPath: m_LocalRotation.x
      value: -0
      objectReference: {fileID: 0}
    - target: {fileID: 2787284534842565301, guid: 3fc9a2c341c79f94eb5e1f54257ee583, type: 3}
      propertyPath: m_LocalRotation.y
      value: -0.54581916
      objectReference: {fileID: 0}
    - target: {fileID: 2787284534842565301, guid: 3fc9a2c341c79f94eb5e1f54257ee583, type: 3}
      propertyPath: m_LocalRotation.z
      value: -0
      objectReference: {fileID: 0}
    - target: {fileID: 2787284534842565301, guid: 3fc9a2c341c79f94eb5e1f54257ee583, type: 3}
      propertyPath: m_LocalEulerAnglesHint.x
      value: 0
      objectReference: {fileID: 0}
    - target: {fileID: 2787284534842565301, guid: 3fc9a2c341c79f94eb5e1f54257ee583, type: 3}
      propertyPath: m_LocalEulerAnglesHint.y
      value: -66.161
      objectReference: {fileID: 0}
    - target: {fileID: 2787284534842565301, guid: 3fc9a2c341c79f94eb5e1f54257ee583, type: 3}
      propertyPath: m_LocalEulerAnglesHint.z
      value: 0
      objectReference: {fileID: 0}
    - target: {fileID: 3264102511518824609, guid: 3fc9a2c341c79f94eb5e1f54257ee583, type: 3}
      propertyPath: m_Name
      value: bad_tomato
      objectReference: {fileID: 0}
    m_RemovedComponents: []
  m_SourcePrefab: {fileID: 100100000, guid: 3fc9a2c341c79f94eb5e1f54257ee583, type: 3}
--- !u!1 &1539148074 stripped
GameObject:
  m_CorrespondingSourceObject: {fileID: 8914496671704169325, guid: 9d90060f5ad7248438e8f018e2896d3d, type: 3}
  m_PrefabInstance: {fileID: 113672703}
  m_PrefabAsset: {fileID: 0}
--- !u!1001 &1598447690
PrefabInstance:
  m_ObjectHideFlags: 0
  serializedVersion: 2
  m_Modification:
    m_TransformParent: {fileID: 0}
    m_Modifications:
    - target: {fileID: 3184113562107958227, guid: 90c037c8092f3fa459641f9908f8e950, type: 3}
      propertyPath: m_Name
      value: remy_-_ratatouille
      objectReference: {fileID: 0}
    - target: {fileID: 7901454000226636325, guid: 90c037c8092f3fa459641f9908f8e950, type: 3}
      propertyPath: m_RootOrder
      value: 9
      objectReference: {fileID: 0}
    - target: {fileID: 7901454000226636325, guid: 90c037c8092f3fa459641f9908f8e950, type: 3}
      propertyPath: m_LocalPosition.x
      value: -0.574
      objectReference: {fileID: 0}
    - target: {fileID: 7901454000226636325, guid: 90c037c8092f3fa459641f9908f8e950, type: 3}
      propertyPath: m_LocalPosition.y
      value: 2.202
      objectReference: {fileID: 0}
    - target: {fileID: 7901454000226636325, guid: 90c037c8092f3fa459641f9908f8e950, type: 3}
      propertyPath: m_LocalPosition.z
      value: -0.501
      objectReference: {fileID: 0}
    - target: {fileID: 7901454000226636325, guid: 90c037c8092f3fa459641f9908f8e950, type: 3}
      propertyPath: m_LocalRotation.w
      value: 1
      objectReference: {fileID: 0}
    - target: {fileID: 7901454000226636325, guid: 90c037c8092f3fa459641f9908f8e950, type: 3}
      propertyPath: m_LocalRotation.x
      value: 0
      objectReference: {fileID: 0}
    - target: {fileID: 7901454000226636325, guid: 90c037c8092f3fa459641f9908f8e950, type: 3}
      propertyPath: m_LocalRotation.y
      value: 0
      objectReference: {fileID: 0}
    - target: {fileID: 7901454000226636325, guid: 90c037c8092f3fa459641f9908f8e950, type: 3}
      propertyPath: m_LocalRotation.z
      value: 0
      objectReference: {fileID: 0}
    - target: {fileID: 7901454000226636325, guid: 90c037c8092f3fa459641f9908f8e950, type: 3}
      propertyPath: m_LocalEulerAnglesHint.x
      value: 0
      objectReference: {fileID: 0}
    - target: {fileID: 7901454000226636325, guid: 90c037c8092f3fa459641f9908f8e950, type: 3}
      propertyPath: m_LocalEulerAnglesHint.y
      value: 0
      objectReference: {fileID: 0}
    - target: {fileID: 7901454000226636325, guid: 90c037c8092f3fa459641f9908f8e950, type: 3}
      propertyPath: m_LocalEulerAnglesHint.z
      value: 0
      objectReference: {fileID: 0}
    m_RemovedComponents:
    - {fileID: 760280992, guid: 90c037c8092f3fa459641f9908f8e950, type: 3}
    - {fileID: 760280998, guid: 90c037c8092f3fa459641f9908f8e950, type: 3}
  m_SourcePrefab: {fileID: 100100000, guid: 90c037c8092f3fa459641f9908f8e950, type: 3}
--- !u!1001 &1818525140
PrefabInstance:
  m_ObjectHideFlags: 0
  serializedVersion: 2
  m_Modification:
    m_TransformParent: {fileID: 0}
    m_Modifications:
    - target: {fileID: 2195935458964358515, guid: 3434c30cbd4dcec42b248e6fd058aba1, type: 3}
      propertyPath: m_Name
      value: Book
      objectReference: {fileID: 0}
    - target: {fileID: 2195935458964358517, guid: 3434c30cbd4dcec42b248e6fd058aba1, type: 3}
      propertyPath: m_RootOrder
      value: 4
      objectReference: {fileID: 0}
    - target: {fileID: 2195935458964358517, guid: 3434c30cbd4dcec42b248e6fd058aba1, type: 3}
      propertyPath: m_LocalPosition.x
      value: 0.477
      objectReference: {fileID: 0}
    - target: {fileID: 2195935458964358517, guid: 3434c30cbd4dcec42b248e6fd058aba1, type: 3}
      propertyPath: m_LocalPosition.y
      value: 1.932
      objectReference: {fileID: 0}
    - target: {fileID: 2195935458964358517, guid: 3434c30cbd4dcec42b248e6fd058aba1, type: 3}
      propertyPath: m_LocalPosition.z
      value: -4.1
      objectReference: {fileID: 0}
    - target: {fileID: 2195935458964358517, guid: 3434c30cbd4dcec42b248e6fd058aba1, type: 3}
      propertyPath: m_LocalRotation.w
      value: 0
      objectReference: {fileID: 0}
    - target: {fileID: 2195935458964358517, guid: 3434c30cbd4dcec42b248e6fd058aba1, type: 3}
      propertyPath: m_LocalRotation.x
      value: 0
      objectReference: {fileID: 0}
    - target: {fileID: 2195935458964358517, guid: 3434c30cbd4dcec42b248e6fd058aba1, type: 3}
      propertyPath: m_LocalRotation.y
      value: -1
      objectReference: {fileID: 0}
    - target: {fileID: 2195935458964358517, guid: 3434c30cbd4dcec42b248e6fd058aba1, type: 3}
      propertyPath: m_LocalRotation.z
      value: 0
      objectReference: {fileID: 0}
    - target: {fileID: 2195935458964358517, guid: 3434c30cbd4dcec42b248e6fd058aba1, type: 3}
      propertyPath: m_LocalEulerAnglesHint.x
      value: 0
      objectReference: {fileID: 0}
    - target: {fileID: 2195935458964358517, guid: 3434c30cbd4dcec42b248e6fd058aba1, type: 3}
      propertyPath: m_LocalEulerAnglesHint.y
      value: -180
      objectReference: {fileID: 0}
    - target: {fileID: 2195935458964358517, guid: 3434c30cbd4dcec42b248e6fd058aba1, type: 3}
      propertyPath: m_LocalEulerAnglesHint.z
      value: 0
      objectReference: {fileID: 0}
    m_RemovedComponents: []
  m_SourcePrefab: {fileID: 100100000, guid: 3434c30cbd4dcec42b248e6fd058aba1, type: 3}
--- !u!1001 &1953372136
PrefabInstance:
  m_ObjectHideFlags: 0
  serializedVersion: 2
  m_Modification:
    m_TransformParent: {fileID: 0}
    m_Modifications:
    - target: {fileID: 6097804102942190578, guid: 2061f043f91f09f40b523f9c0791a08e, type: 3}
      propertyPath: m_RootOrder
      value: 1
      objectReference: {fileID: 0}
    - target: {fileID: 6097804102942190578, guid: 2061f043f91f09f40b523f9c0791a08e, type: 3}
      propertyPath: m_LocalPosition.x
      value: 0.789
      objectReference: {fileID: 0}
    - target: {fileID: 6097804102942190578, guid: 2061f043f91f09f40b523f9c0791a08e, type: 3}
      propertyPath: m_LocalPosition.y
      value: 4.906
      objectReference: {fileID: 0}
    - target: {fileID: 6097804102942190578, guid: 2061f043f91f09f40b523f9c0791a08e, type: 3}
      propertyPath: m_LocalPosition.z
      value: -2.748
      objectReference: {fileID: 0}
    - target: {fileID: 6097804102942190578, guid: 2061f043f91f09f40b523f9c0791a08e, type: 3}
      propertyPath: m_LocalRotation.w
      value: 0.5
      objectReference: {fileID: 0}
    - target: {fileID: 6097804102942190578, guid: 2061f043f91f09f40b523f9c0791a08e, type: 3}
      propertyPath: m_LocalRotation.x
      value: 0.5
      objectReference: {fileID: 0}
    - target: {fileID: 6097804102942190578, guid: 2061f043f91f09f40b523f9c0791a08e, type: 3}
      propertyPath: m_LocalRotation.y
      value: -0.5
      objectReference: {fileID: 0}
    - target: {fileID: 6097804102942190578, guid: 2061f043f91f09f40b523f9c0791a08e, type: 3}
      propertyPath: m_LocalRotation.z
      value: 0.5
      objectReference: {fileID: 0}
    - target: {fileID: 6097804102942190578, guid: 2061f043f91f09f40b523f9c0791a08e, type: 3}
      propertyPath: m_LocalEulerAnglesHint.x
      value: 90
      objectReference: {fileID: 0}
    - target: {fileID: 6097804102942190578, guid: 2061f043f91f09f40b523f9c0791a08e, type: 3}
      propertyPath: m_LocalEulerAnglesHint.y
      value: -90
      objectReference: {fileID: 0}
    - target: {fileID: 6097804102942190578, guid: 2061f043f91f09f40b523f9c0791a08e, type: 3}
      propertyPath: m_LocalEulerAnglesHint.z
      value: 0
      objectReference: {fileID: 0}
    - target: {fileID: 6431105347994039986, guid: 2061f043f91f09f40b523f9c0791a08e, type: 3}
      propertyPath: m_InteractionManager
      value: 
      objectReference: {fileID: 704902590}
    - target: {fileID: 6905161904251580744, guid: 2061f043f91f09f40b523f9c0791a08e, type: 3}
      propertyPath: m_Name
      value: mysteryObject
      objectReference: {fileID: 0}
    m_RemovedComponents: []
  m_SourcePrefab: {fileID: 100100000, guid: 2061f043f91f09f40b523f9c0791a08e, type: 3}
--- !u!1 &1953372137 stripped
GameObject:
  m_CorrespondingSourceObject: {fileID: 6905161904251580744, guid: 2061f043f91f09f40b523f9c0791a08e, type: 3}
  m_PrefabInstance: {fileID: 1953372136}
  m_PrefabAsset: {fileID: 0}
--- !u!1 &1982892286
GameObject:
  m_ObjectHideFlags: 0
  m_CorrespondingSourceObject: {fileID: 0}
  m_PrefabInstance: {fileID: 0}
  m_PrefabAsset: {fileID: 0}
  serializedVersion: 6
  m_Component:
  - component: {fileID: 1982892287}
  - component: {fileID: 1982892289}
  - component: {fileID: 1982892288}
  m_Layer: 0
  m_Name: puzzle
  m_TagString: Untagged
  m_Icon: {fileID: 0}
  m_NavMeshLayer: 0
  m_StaticEditorFlags: 0
  m_IsActive: 1
--- !u!224 &1982892287
RectTransform:
  m_ObjectHideFlags: 0
  m_CorrespondingSourceObject: {fileID: 0}
  m_PrefabInstance: {fileID: 0}
  m_PrefabAsset: {fileID: 0}
  m_GameObject: {fileID: 1982892286}
  m_LocalRotation: {x: -0, y: -0, z: -0, w: 1}
  m_LocalPosition: {x: 0, y: 0, z: 0}
  m_LocalScale: {x: 0.0747508, y: 0.09249467, z: 0.050000004}
  m_ConstrainProportionsScale: 0
  m_Children: []
  m_Father: {fileID: 1159846283}
  m_RootOrder: 1
  m_LocalEulerAnglesHint: {x: 0, y: 0, z: 0}
  m_AnchorMin: {x: 0.5, y: 0.5}
  m_AnchorMax: {x: 0.5, y: 0.5}
  m_AnchoredPosition: {x: 0.402, y: 2.827}
  m_SizeDelta: {x: 20, y: 5}
  m_Pivot: {x: 0.5, y: 0.5}
--- !u!114 &1982892288
MonoBehaviour:
  m_ObjectHideFlags: 0
  m_CorrespondingSourceObject: {fileID: 0}
  m_PrefabInstance: {fileID: 0}
  m_PrefabAsset: {fileID: 0}
  m_GameObject: {fileID: 1982892286}
  m_Enabled: 1
  m_EditorHideFlags: 0
  m_Script: {fileID: 11500000, guid: 9541d86e2fd84c1d9990edf0852d74ab, type: 3}
  m_Name: 
  m_EditorClassIdentifier: 
  m_Material: {fileID: 0}
  m_Color: {r: 1, g: 1, b: 1, a: 1}
  m_RaycastTarget: 1
  m_RaycastPadding: {x: 0, y: 0, z: 0, w: 0}
  m_Maskable: 1
  m_OnCullStateChanged:
    m_PersistentCalls:
      m_Calls: []
  m_text: "Je ne suis ni dans le r\xE9frig\xE9rateur, ni sur l'\xE9tag\xE8re. Mais
    \xE0 port\xE9e de main, alors servez-vous. Ouvrez le couvercle et voyez par vous-m\xEAme.
    La r\xE9ponse se trouve \xE0 l'int\xE9rieur, et rien d'autre."
  m_isRightToLeft: 0
  m_fontAsset: {fileID: 11400000, guid: 8f586378b4e144a9851e7b34d9b748ee, type: 2}
  m_sharedMaterial: {fileID: 2180264, guid: 8f586378b4e144a9851e7b34d9b748ee, type: 2}
  m_fontSharedMaterials: []
  m_fontMaterial: {fileID: 0}
  m_fontMaterials: []
  m_fontColor32:
    serializedVersion: 2
    rgba: 4294967295
  m_fontColor: {r: 1, g: 1, b: 1, a: 1}
  m_enableVertexGradient: 0
  m_colorMode: 3
  m_fontColorGradient:
    topLeft: {r: 1, g: 1, b: 1, a: 1}
    topRight: {r: 1, g: 1, b: 1, a: 1}
    bottomLeft: {r: 1, g: 1, b: 1, a: 1}
    bottomRight: {r: 1, g: 1, b: 1, a: 1}
  m_fontColorGradientPreset: {fileID: 0}
  m_spriteAsset: {fileID: 0}
  m_tintAllSprites: 0
  m_StyleSheet: {fileID: 0}
  m_TextStyleHashCode: -1183493901
  m_overrideHtmlColors: 0
  m_faceColor:
    serializedVersion: 2
    rgba: 4294967295
  m_fontSize: 15
  m_fontSizeBase: 15
  m_fontWeight: 400
  m_enableAutoSizing: 0
  m_fontSizeMin: 18
  m_fontSizeMax: 72
  m_fontStyle: 0
  m_HorizontalAlignment: 1
  m_VerticalAlignment: 256
  m_textAlignment: 65535
  m_characterSpacing: 0
  m_wordSpacing: 0
  m_lineSpacing: 0
  m_lineSpacingMax: 0
  m_paragraphSpacing: 0
  m_charWidthMaxAdj: 0
  m_enableWordWrapping: 1
  m_wordWrappingRatios: 0.4
  m_overflowMode: 0
  m_linkedTextComponent: {fileID: 0}
  parentLinkedComponent: {fileID: 0}
  m_enableKerning: 1
  m_enableExtraPadding: 0
  checkPaddingRequired: 0
  m_isRichText: 1
  m_parseCtrlCharacters: 1
  m_isOrthographic: 0
  m_isCullingEnabled: 0
  m_horizontalMapping: 0
  m_verticalMapping: 0
  m_uvLineOffset: 0
  m_geometrySortingOrder: 0
  m_IsTextObjectScaleStatic: 0
  m_VertexBufferAutoSizeReduction: 0
  m_useMaxVisibleDescender: 1
  m_pageToDisplay: 1
  m_margin: {x: 0, y: 0, z: 0, w: 0}
  m_isUsingLegacyAnimationComponent: 0
  m_isVolumetricText: 0
  _SortingLayer: 0
  _SortingLayerID: 0
  _SortingOrder: 0
  m_hasFontAssetChanged: 0
  m_renderer: {fileID: 1982892289}
  m_maskType: 0
--- !u!23 &1982892289
MeshRenderer:
  m_ObjectHideFlags: 0
  m_CorrespondingSourceObject: {fileID: 0}
  m_PrefabInstance: {fileID: 0}
  m_PrefabAsset: {fileID: 0}
  m_GameObject: {fileID: 1982892286}
  m_Enabled: 1
  m_CastShadows: 0
  m_ReceiveShadows: 0
  m_DynamicOccludee: 1
  m_StaticShadowCaster: 0
  m_MotionVectors: 1
  m_LightProbeUsage: 1
  m_ReflectionProbeUsage: 1
  m_RayTracingMode: 2
  m_RayTraceProcedural: 0
  m_RenderingLayerMask: 1
  m_RendererPriority: 0
  m_Materials:
  - {fileID: 2180264, guid: 8f586378b4e144a9851e7b34d9b748ee, type: 2}
  m_StaticBatchInfo:
    firstSubMesh: 0
    subMeshCount: 0
  m_StaticBatchRoot: {fileID: 0}
  m_ProbeAnchor: {fileID: 0}
  m_LightProbeVolumeOverride: {fileID: 0}
  m_ScaleInLightmap: 1
  m_ReceiveGI: 1
  m_PreserveUVs: 0
  m_IgnoreNormalsForChartDetection: 0
  m_ImportantGI: 0
  m_StitchLightmapSeams: 1
  m_SelectedEditorRenderState: 3
  m_MinimumChartSize: 4
  m_AutoUVMaxDistance: 0.5
  m_AutoUVMaxAngle: 89
  m_LightmapParameters: {fileID: 0}
  m_SortingLayerID: 0
  m_SortingLayer: 0
  m_SortingOrder: 0
  m_AdditionalVertexStreams: {fileID: 0}
--- !u!1001 &1492915221175508463
PrefabInstance:
  m_ObjectHideFlags: 0
  serializedVersion: 2
  m_Modification:
    m_TransformParent: {fileID: 0}
    m_Modifications:
    - target: {fileID: 8639953252750677139, guid: b5eb793bc1674d84cb09ba24d342e313, type: 3}
      propertyPath: m_Name
      value: Zucchini
      objectReference: {fileID: 0}
    - target: {fileID: 8669532357900921004, guid: b5eb793bc1674d84cb09ba24d342e313, type: 3}
      propertyPath: m_InteractionManager
      value: 
      objectReference: {fileID: 704902590}
    - target: {fileID: 8983721487653342761, guid: b5eb793bc1674d84cb09ba24d342e313, type: 3}
      propertyPath: m_RootOrder
      value: 2
      objectReference: {fileID: 0}
    - target: {fileID: 8983721487653342761, guid: b5eb793bc1674d84cb09ba24d342e313, type: 3}
      propertyPath: m_LocalPosition.x
      value: -0.737
      objectReference: {fileID: 0}
    - target: {fileID: 8983721487653342761, guid: b5eb793bc1674d84cb09ba24d342e313, type: 3}
      propertyPath: m_LocalPosition.y
      value: 2.8542
      objectReference: {fileID: 0}
    - target: {fileID: 8983721487653342761, guid: b5eb793bc1674d84cb09ba24d342e313, type: 3}
      propertyPath: m_LocalPosition.z
      value: -0.136
      objectReference: {fileID: 0}
    - target: {fileID: 8983721487653342761, guid: b5eb793bc1674d84cb09ba24d342e313, type: 3}
      propertyPath: m_LocalRotation.w
      value: 0.50008726
      objectReference: {fileID: 0}
    - target: {fileID: 8983721487653342761, guid: b5eb793bc1674d84cb09ba24d342e313, type: 3}
      propertyPath: m_LocalRotation.x
      value: -0.49991274
      objectReference: {fileID: 0}
    - target: {fileID: 8983721487653342761, guid: b5eb793bc1674d84cb09ba24d342e313, type: 3}
      propertyPath: m_LocalRotation.y
      value: 0.50008726
      objectReference: {fileID: 0}
    - target: {fileID: 8983721487653342761, guid: b5eb793bc1674d84cb09ba24d342e313, type: 3}
      propertyPath: m_LocalRotation.z
      value: 0.49991274
      objectReference: {fileID: 0}
    - target: {fileID: 8983721487653342761, guid: b5eb793bc1674d84cb09ba24d342e313, type: 3}
      propertyPath: m_LocalEulerAnglesHint.x
      value: -89.98
      objectReference: {fileID: 0}
    - target: {fileID: 8983721487653342761, guid: b5eb793bc1674d84cb09ba24d342e313, type: 3}
      propertyPath: m_LocalEulerAnglesHint.y
      value: 90
      objectReference: {fileID: 0}
    - target: {fileID: 8983721487653342761, guid: b5eb793bc1674d84cb09ba24d342e313, type: 3}
      propertyPath: m_LocalEulerAnglesHint.z
      value: 0
      objectReference: {fileID: 0}
    m_RemovedComponents: []
  m_SourcePrefab: {fileID: 100100000, guid: b5eb793bc1674d84cb09ba24d342e313, type: 3}
